@book{kkfuti,
  title={Vampira X},
  author={Remigio Zampa},
  year={2008},
  publisher={Papillion Productions}
}
@book{chodaby,
  title={Mi lucha 2},
  author={Eric Cartman},
  year={2008},
  publisher={Papillion Productions}
}