@book{teetor2011r,
  title={R Cookbook: Proven recipes for data analysis, statistics, and graphics},
  author={Teetor, Paul},
  year={2011},
  publisher={" O'Reilly Media, Inc."}
}
@book{kkfuti,
  title={Vampira X},
  author={Remigio Zampa},
  year={2008},
  publisher={Papillion Productions}
}
@book{baayen2008analyzing,
  title={Analyzing linguistic data: A practical introduction to statistics using R},
  author={Baayen, R Harald},
  year={2008},
  publisher={Cambridge University Press}
}
@book{kk,
  title={Vampira X},
  author={Remigio Zampa},
  year={2008},
  publisher={Papillion Productions}
}

